@misc{hartmann2017portuguese,
    title={Portuguese Word Embeddings: Evaluating on Word Analogies and Natural Language Tasks},
    author={Nathan Hartmann and Erick Fonseca and Christopher Shulby and Marcos Treviso and Jessica Rodrigues and Sandra Aluisio},
    year={2017},
    eprint={1708.06025},
    archivePrefix={arXiv},
    primaryClass={cs.CL}
}

@inproceedings{Cecchini2017GraphbasedCA,
  title={Graph-based Clustering Algorithms for Word Sense Induction},
  author={Flavio Massimiliano Cecchini},
  year={2017}
}
