@inproceedings{Cecchini2017GraphbasedCA,
  title={Graph-based Clustering Algorithms for Word Sense Induction},
  author={Flavio Massimiliano Cecchini},
  year={2017}
}
