@misc{hartmann2017portuguese,
    title={Portuguese Word Embeddings: Evaluating on Word Analogies and Natural Language Tasks},
    author={Nathan Hartmann and Erick Fonseca and Christopher Shulby and Marcos Treviso and Jessica Rodrigues and Sandra Aluisio},
    year={2017},
    eprint={1708.06025},
    archivePrefix={arXiv},
    primaryClass={cs.CL}
}

@inproceedings{Cecchini2017GraphbasedCA,
  title={Graph-based Clustering Algorithms for Word Sense Induction},
  author={Flavio Massimiliano Cecchini},
  year={2017}
}

@misc{gehrmann2019improving,
    title={Improving Human Text Comprehension through Semi-Markov CRF-based Neural Section Title Generation},
    author={Sebastian Gehrmann and Steven Layne and Franck Dernoncourt},
    year={2019},
    eprint={1904.07142},
    archivePrefix={arXiv},
    primaryClass={cs.CL}
}
